@book{dragonbook,
  title = "Compilers: Principles, Techniques, and Tools",
  edition = "Second",
  author = "Alfred V. Aho and Monica S. Lam and Ravi Sethi and and
            Jeffrey D. Ullman",
  publisher = "Pearson Education, Inc.",
  year = "2007",
  isbn = "978-81-317-2101-8",
}

@book{amd64opt,
  title = "Software Optimization Guide for AMD AthlonTM 64 and AMD
                  OpteronTM Processors",
  edition = "3.05",
  author = "Advanced Micro Devices Inc.",
  publisher = "Advanced Micro Devices Inc.",
  year = "2004",
}
